<record><leader>00000cas a22000007a 4500</leader><controlfield tag="001">9647562</controlfield><controlfield tag="008">830625d18321837ohuwr ne      0    0eng d</controlfield><datafield ind1=" " ind2=" " tag="010"><subfield code="a">sn 83035157 </subfield></datafield><datafield ind1=" " ind2=" " tag="040"><subfield code="a">NPY</subfield><subfield code="b">eng</subfield><subfield code="c">NPY</subfield><subfield code="d">NPX</subfield><subfield code="d">DLC</subfield><subfield code="d">ONP</subfield><subfield code="d">OCL</subfield><subfield code="d">OCLCF</subfield><subfield code="d">OCLCO</subfield></datafield><datafield ind1="1" ind2=" " tag="029"><subfield code="a">AU@</subfield><subfield code="b">000020128132</subfield></datafield><datafield ind1=" " ind2=" " tag="042"><subfield code="a">msc</subfield></datafield><datafield ind1="0" ind2="0" tag="050"><subfield code="a">Newspaper 9214-X</subfield></datafield><datafield ind1="0" ind2=" " tag="130"><subfield code="a">Cleveland herald (Cleveland, Ohio : 1832)</subfield></datafield><datafield ind1="0" ind2="0" tag="245"><subfield code="a">Cleveland herald.</subfield></datafield><datafield ind1=" " ind2=" " tag="260"><subfield code="a">Cleveland, Ohio :</subfield><subfield code="b">B. Andrews,</subfield><subfield code="c">1832-</subfield></datafield><datafield ind1=" " ind2=" " tag="300"><subfield code="a">v.</subfield></datafield><datafield ind1=" " ind2=" " tag="310"><subfield code="a">Weekly</subfield></datafield><datafield ind1="0" ind2=" " tag="362"><subfield code="a">Vol. 1, no. 1 (May 1, 1832)-</subfield></datafield><datafield ind1="1" ind2=" " tag="362"><subfield code="a">Ceased in Mar. 1837.</subfield></datafield><datafield ind1=" " ind2=" " tag="500"><subfield code="a">National Republican, 1832-1834; Whig, 1834-1837.</subfield></datafield><datafield ind1=" " ind2=" " tag="555"><subfield code="a">Subject and personal name index: 1832-1834.  1 v.; 1836-1837.  2 v.</subfield></datafield><datafield ind1=" " ind2=" " tag="580"><subfield code="a">Daily ed.: Daily Cleveland herald (Cleveland, Ohio : 1835).</subfield></datafield><datafield ind1=" " ind2="0" tag="651"><subfield code="a">Cleveland (Ohio)</subfield><subfield code="v">Newspapers.</subfield></datafield><datafield ind1=" " ind2="0" tag="651"><subfield code="a">Cuyahoga County (Ohio)</subfield><subfield code="v">Newspapers.</subfield></datafield><datafield ind1=" " ind2="7" tag="655"><subfield code="a">Newspapers.</subfield><subfield code="2">fast</subfield><subfield code="0">(OCoLC)fst01423814</subfield></datafield><datafield ind1=" " ind2="7" tag="651"><subfield code="a">Ohio</subfield><subfield code="z">Cleveland.</subfield><subfield code="2">fast</subfield><subfield code="0">(OCoLC)fst01205966</subfield></datafield><datafield ind1=" " ind2="7" tag="651"><subfield code="a">Ohio</subfield><subfield code="z">Cuyahoga County.</subfield><subfield code="2">fast</subfield><subfield code="0">(OCoLC)fst01202752</subfield></datafield><datafield ind1=" " ind2=" " tag="752"><subfield code="a">United States</subfield><subfield code="b">Ohio</subfield><subfield code="c">Cuyahoga</subfield><subfield code="d">Cleveland.</subfield></datafield><datafield ind1="1" ind2=" " tag="775"><subfield code="t">Daily Cleveland herald (Cleveland, Ohio : 1835)</subfield><subfield code="w">(DLC)sn 83035147</subfield></datafield><datafield ind1="0" ind2="0" tag="780"><subfield code="t">Cleaveland herald (Cleveland, Ohio : 1819)</subfield><subfield code="w">(DLC)sn 83035156</subfield></datafield><datafield ind1="0" ind2="7" tag="785"><subfield code="t">Cleveland weekly gazette</subfield><subfield code="w">(DLC)sn 83035159</subfield></datafield><datafield ind1="0" ind2="7" tag="785"><subfield code="t">Cleveland herald and gazette</subfield><subfield code="w">(DLC)sn 83035160</subfield></datafield></record>